<record><leader>00000cas a22000007a 4500</leader><controlfield tag="001">37479955</controlfield><controlfield tag="008">970815d192719uuokuwr n       0    0eng d</controlfield><datafield ind1=" " ind2=" " tag="010"><subfield code="a">sn 97070167 </subfield></datafield><datafield ind1=" " ind2=" " tag="040"><subfield code="a">OBN</subfield><subfield code="b">eng</subfield><subfield code="c">OBN</subfield><subfield code="d">OCLCQ</subfield><subfield code="d">OCLCF</subfield><subfield code="d">OCLCO</subfield></datafield><datafield ind1="1" ind2=" " tag="029"><subfield code="a">AU@</subfield><subfield code="b">000013434990</subfield></datafield><datafield ind1=" " ind2=" " tag="042"><subfield code="a">msc</subfield></datafield><datafield ind1=" " ind2=" " tag="043"><subfield code="a">n-us-ok</subfield></datafield><datafield ind1="0" ind2="0" tag="245"><subfield code="a">Weekly Ardmoreite combined with Ardmore statesman.</subfield></datafield><datafield ind1="3" ind2=" " tag="246"><subfield code="a">Weekly Ardmoreite</subfield></datafield><datafield ind1=" " ind2=" " tag="260"><subfield code="a">Ardmore, Okla. :</subfield><subfield code="b">Ardmoreite Pub. Co.</subfield></datafield><datafield ind1=" " ind2=" " tag="300"><subfield code="a">v.</subfield></datafield><datafield ind1=" " ind2=" " tag="310"><subfield code="a">Weekly</subfield></datafield><datafield ind1=" " ind2=" " tag="588"><subfield code="a">Description based on: Vol. 32, no. 42 (Apr, 7, 1927)=v. 21, no. 11.</subfield></datafield><datafield ind1=" " ind2="0" tag="651"><subfield code="a">Ardmore (Okla.)</subfield><subfield code="v">Newspapers.</subfield></datafield><datafield ind1=" " ind2="0" tag="651"><subfield code="a">Carter County (Okla.)</subfield><subfield code="v">Newspapers.</subfield></datafield><datafield ind1=" " ind2="7" tag="655"><subfield code="a">Newspapers.</subfield><subfield code="2">fast</subfield><subfield code="0">(OCoLC)fst01423814</subfield></datafield><datafield ind1=" " ind2="7" tag="651"><subfield code="a">Oklahoma</subfield><subfield code="z">Ardmore.</subfield><subfield code="2">fast</subfield><subfield code="0">(OCoLC)fst01221402</subfield></datafield><datafield ind1=" " ind2="7" tag="651"><subfield code="a">Oklahoma</subfield><subfield code="z">Carter County.</subfield><subfield code="2">fast</subfield><subfield code="0">(OCoLC)fst01216114</subfield></datafield><datafield ind1=" " ind2=" " tag="752"><subfield code="a">United States</subfield><subfield code="b">Oklahoma</subfield><subfield code="c">Carter</subfield><subfield code="d">Ardmore.</subfield></datafield><datafield ind1="0" ind2=" " tag="775"><subfield code="t">Daily Ardmoreite</subfield><subfield code="w">(DLC)sn 85042303</subfield><subfield code="w">(OCoLC)12101538</subfield></datafield><datafield ind1="0" ind2="0" tag="780"><subfield code="t">Ardmore statesman and the weekly Ardmoreite</subfield><subfield code="w">(DLC)sn 97070166</subfield><subfield code="w">(OCoLC)37479938</subfield></datafield></record>